@string{aer={American Economic Review}}
@string{aej={Atlantic Economic Journal}}
@string{bpea={Brookings Papers on Economic Activity}}
@string{canje={Canadian Journal of Economics}}
@string{camje={Cambridge Journal of Economics}}
@string{crcs={Carnegie-Rochester Conference Series on Public Policy}}
@string{e={Econometrica}}
@string{eap={Economics and Philosophy}}
@string{economica={Economica}}
@string{eer={European Economic Review}}
@string{ei={Economic Inquiry}}
@string{ej={Economic Journal}}
@string{el={Economics Letters}}
@string{et={Economic Theory}}
@string{frbkcer={{\em Federal Reserve Bank of Kansas City} Economic Review}}
@string{frbreq={{\em Federal Reserve Bank of Richmond} Economic Quarterly}}
@string{frbslr={{\em Federal Reserve Bank of St. Louis} Review}}
@string{iej={International Economic Journal}}
@string{ier={International Economic Review}}
@string{imf={International Monetary Fund Staff Papers}}
@string{jasa={Journal of the American Statistical Association}}
@string{jasss={Journal of Artificial Societies and Social Simulation}}
@string{jae={Journal of Applied Econometrics}}
@string{jde={Journal of Development Economics}}
@string{jebo={Journal of Economic Behavior and Organization}}
@string{jedc={Journal of Economic Dynamics and Control}}
@string{jbus={Journal of Business}}
@string{jbes={Journal of Business and Economic Statistics}}
@string{jconres={Journal of Conflict Resolution}}
@string{jmetrics={Journal of Econometrics}}
@string{jehist={Journal of Economic History}}
@string{jei={Journal of Economic Issues}}
@string{jep={Journal of Economic Perspectives}}
@string{jes={Journal of Economic Surveys}}
@string{jet={Journal of Economic Theory}}
@string{jel={Journal of Economic Literature}}
@string{jfin={Journal of Finance}}
@string{jinde={Journal of Industrial Economics}}
@string{jie={Journal of International Economics}}
@string{jimf={Journal of International Money and Finance}}
@string{jmcb={Journal of Money, Credit, and Banking}}
@string{jmacro={Journal of Macroeconomics}}
@string{jme={Journal of Monetary Economics}}
@string{jmathecon={Journal of Mathematical Economics}}
@string{jpe={Journal of Political Economy}}
@string{jpke={Journal of Post Keynesian Economics}}
@string{jpube={Journal of Public Economics}}
@string{jrssb={Journal of the Royal Statistical Society. Series B (Methodological)}}
@string{oep={Oxford Economic Papers}}
@string{pnas={Proceedings of the National Academy of Sciences}}
@string{macrodyn={Macroeconomic Dynamics}}
@string{nyt={New York Times}}
@string{qjbe={Quarterly Journal of Business and Economics}}
@string{qje={Quarterly Journal of Economics}}
@string{rand={RAND Journal of Economics}}
@string{rebr={Review of Economic and Business Research}}
@string{restud={Review of Economic Studies}}
@string{restat={Review of Economics and Statistics}}
@string{rie={Review of International Economics}}
@string{rpe={Review of Political Economy}}
@string{rope={Review of Political Economy}}
@string{rrpe={Review of Radical Political Economics}}
@string{sej={Southern Economic Journal}}
@string{scanje={Scandinavian Journal of Economics}}
@string{wa={Weltwirt\-schaftliches Archiv}}

